SUITE STARTED: MCNTest ##TIMESTAMP##
TEST STARTED: Test1 - REMADV_9903214000009_4038777000004_20090421_4.txt ##TIMESTAMP##
TEST FAILED: Test1 - REMADV_9903214000009_4038777000004_20090421_4.txt
Input and Output of test case are not equal. See ./testCases/EDI/Invalid/
Input:
UNA:+.? '
UNB+UNOC:3+9903214000009:500+4038777000004:500+090421:1134+00000002154600'
UNH+00000002154600+REMADV:D:06A:UN:2.2'
BGM+239+DH0005631+9'
DTM+137:20090401:102'
FII+PB+984362uzt:Werthelsmann+90874:25:131::::Landesbank'
NAD+MS+9903214000009::293'
NAD+MR+4038777000004::293'
CUX+2:EUR:11'
DOC+380+DH7965542'
MOA+9:50'
MOA+12:0'
DTM+137:20090101:102'
RFF+IT:dh675543'
AJT+9'
FTX+ABO+1++Falscher Abrechnungszeitraum Grund 1:'
DOC+380+DH5437867'
MOA+9:50'
MOA+12:0'
DTM+137:20090101:102'
RFF+IT:dh650987'
AJT+Z06'
FTX+ABO+1++Artikel unbekannt Grund 1'
UNS+S'
MOA+9:100'
MOA+12:0'
UNT+25+00000002154600'
UNZ+1+00000002154600'


Output:
UNA:+.? '
UNB+UNOC:3+9903214000009:500+4038777000004:500+090421:1134+00000002154600'
UNH+00000002154600+REMADV:D:06A:UN:2.2'
BGM+239+DH0005631+9'
DTM+137:20090401:102'
FII+PB+984362uzt:Werthelsmann+90874:25:131::::Landesbank'
NAD+MS+9903214000009::293'
NAD+MR+4038777000004::293'
CUX+2:EUR:11'
DOC+380+DH7965542'
MOA+9:50'
MOA+12:0'
DTM+137:20090101:102'
RFF+IT:dh675543'
DOC+380+DH5437867'
MOA+9:50'
MOA+12:0'
DTM+137:20090101:102'
RFF+IT:dh650987'
UNS+S'
MOA+9:100'
MOA+12:0'
UNT+21+00000002154600'
UNZ+1+00000002154600'
TEST FINISHED: Test1 - REMADV_9903214000009_4038777000004_20090421_4.txt ##TIMESTAMP##
TEST STARTED: Test2 - REMADV_9903214000009_9907027000008_20090417_1.txt ##TIMESTAMP##
TEST FINISHED: Test2 - REMADV_9903214000009_9907027000008_20090417_1.txt ##TIMESTAMP##
TEST STARTED: Test3 - UTILMD_9907027000008_4029684000003_20090427_1.txt ##TIMESTAMP##
TEST FAILED: Test3 - UTILMD_9907027000008_4029684000003_20090427_1.txt
Could not export testcase

TEST FINISHED: Test3 - UTILMD_9907027000008_4029684000003_20090427_1.txt ##TIMESTAMP##
SUITE FINISHED: MCNTest ##TIMESTAMP##
